@BOOK{HS-YN:11,
    AUTHOR = {Young, Nicholas},
     TITLE = {An introduction to Hilbert space},
 PUBLISHER = {Cambridge University Press},
   ADDRESS = {The Edinburgh Building, Cambridge CB2 8RU, UK},
   EDITION = {14th},
    VOLUME = {},
      YEAR = {2011},
};

@BOOK{HS-HJNB:00,
    AUTHOR = {Hunter, John K. and Nachtergaele, Bruno},
     TITLE = {Applied Analysis},
 PUBLISHER = {Department of Mathematics, University of California},
   ADDRESS = {},
   EDITION = {},
    VOLUME = {},
      YEAR = {2000},
};

@BOOK{SO:08,
    AUTHOR = {Siciliano, B. and Khatib, O.},
     TITLE = {Springer Handbook of Robotics},
 PUBLISHER = {Springer-Verlag Berlin Heidelberg},
   ADDRESS = {},
   EDITION = {1st},
    VOLUME = {},
      YEAR = {2008},
};

@BOOK{STRANG,
    AUTHOR = {Strang, G.},
     TITLE = {Linear Algebra and Its Applications},
 PUBLISHER = {Cengage Learning},
   ADDRESS = {},
   EDITION = {4th},
    VOLUME = {},
      YEAR = {2009},
};


@ARTICLE{W:86,
  AUTHOR = {Wampler, C. W.},
   TITLE = {Manipulator Inverse Kinematic Solutions based on Vector Formulations and Damped Least-Squares Methods},
 JOURNAL = {IEEE Transactions on System, Man and Cybernetics},
  VOLUME = {16},
  NUMBER = {1},
    YEAR = {1986},
   PAGES = {93--101},
};


@ARTICLE{NH:86,
  AUTHOR = {Nakamura, Y. and Hanafusa, H.},
   TITLE = {Inverse Kinematic Solution with Singularity Robustness for Robot Manipulator Control},
 JOURNAL = {ASME Journal of Dynamic Systems, Measurement and Control},
  VOLUME = {108},
  NUMBER = {3},
    YEAR = {1986},
   PAGES = {163--171},
};

@ARTICLE{MMW:93,
  AUTHOR = {Mayorga, R. V. and Milano, N. and Wong, A. K. C.},
   TITLE = {A Fast Procedure for Manipulador Inverse Kinematics Computation and Singularities Prevention},
 JOURNAL = {Journal of Robotic Systems},
  VOLUME = {10},
  NUMBER = {1},
    YEAR = {1993},
   PAGES = {45--72},
};

@ARTICLE{MK:89,
  AUTHOR = {Maciejewski, A. A. and Klein, C. A.},
   TITLE = {The Singular Value Decomposition: Computation and Applications to Robotics},
 JOURNAL = {The International Journal of Robotics Research},
  VOLUME = {8},
  NUMBER = {6},
    YEAR = {1989},
   PAGES = {63--79},
};

@ARTICLE{C:93,
  AUTHOR = {Chiaverini, S.},
   TITLE = {Estimate of the Two Smallest Singular Values of the Jacobian Matrix: Application to Damped Least-Squares Inverse Kinematics},
 JOURNAL = {Journal of Robotic Systems},
  VOLUME = {10},
  NUMBER = {8},
    YEAR = {1993},
   PAGES = {991-1008},
};

@ARTICLE{NTU:00,
  AUTHOR = {Nenchev, D. N. and Tsumaki, Y. and Uchiyama, M.},
   TITLE = {Singularity-Consistent Parameterization of Robot Motion and Control},
 JOURNAL = {The International Journal of Robotics Research},
  VOLUME = {19},
  NUMBER = {2},
    YEAR = {2000},
   PAGES = {159--182},
};

@INCOLLECTION{COW:08,
    AUTHOR = {Chiaverini, S. and Oriolo, G. and Walker, I. D.},
     TITLE = {Kinematically Redundant Manipulators},
 BOOKTITLE = {Springer Handbook of Robotics},
      YEAR = {2008},
     PAGES = {245--268},
    EDITOR = {B. Siciliano and O. Khatib},
 PUBLISHER = {Springer-Verlag Ltd.},
   EDITION = {1st},
};

@ARTICLE{TJ:06,
  AUTHOR = {Tcho\'n, K. and Jakubiak, J.},
   TITLE = {Extended Jacobian Inverse Kinematics Algorithm for Nonholonomic Mobile Robots},
 JOURNAL = {International Journal of Control},
  VOLUME = {79},
  NUMBER = {8},
    YEAR = {2006},
   PAGES = {895--909},
};

@ARTICLE{WC:91,
  AUTHOR = {Wang, L-C. T. and Chen, C. C.},
   TITLE = {A Combined Optimization Method for Solving the Inverse Kinematics Problem of Mechanical Manipulators},
 JOURNAL = {IEEE Transactions on Robotics and Automation},
  VOLUME = {7},
  NUMBER = {4},
    YEAR = {1991},
   PAGES = {489--499},
};

@ARTICLE{TM:98,
  AUTHOR = {Tcho\'n, K. and Muszynski, R.},
   TITLE = {Singular Inverse Kinematic Problem for Robotic Manipulators: A Normal Form Approach},
 JOURNAL = {IEEE Transactions on Robotics and Automation},
  VOLUME = {14},
  NUMBER = {1},
    YEAR = {1998},
   PAGES = {93--104},
};

@ARTICLE{CSO:94,
  AUTHOR = {Chiaverini, S. and Siciliano, B. and Egeland, O.},
   TITLE = {Review of the Damped Least-Squares Inverse Kinematics with Experiments on an Industrial Robot Manipulator},
 JOURNAL = {IEEE Transactions on Control Systems Technology},
  VOLUME = {2},
  NUMBER = {2},
    YEAR = {1994},
   PAGES = {123--134},
 };
%%%%%%%%%%%%%%%%%%%%%%%%%%%%%%%%%%%%%%%%%%%%%%%
@ARTICLE{KLE:83,
  AUTHOR = {Klein, C. A. and Huang, C. S.},
   TITLE = {Review of Pseudoinverse Control for Use with Kinematically Redundant Manipulators},
 JOURNAL = {IEEE Transactions on Systems, Man and Cybernetics},
  VOLUME = {13},
  NUMBER = {},
    YEAR = {1983},
   PAGES = {245--250},
 };

@INPROCEEDINGS{NH:85,
    AUTHOR = {Nakamura, Y. and Hanafusa, H.},
     TITLE = {Task Priority Based Redundancy Control of Robot Manipulators},
 BOOKTITLE = {Second International Symposium on Robotics Research},
      YEAR = {1985},
 PUBLISHER = {MIT Press},
     PAGES = {155--162},
   ADDRESS = {Cambridge, MA},
};

@INPROCEEDINGS{KLE:85,
    AUTHOR = {Klein, C. A.},
     TITLE = {Use of Redundancy in the Design of Robotic Systems},
 BOOKTITLE = {Second International Symposium on Robotics Research},
      YEAR = {1985},
 PUBLISHER = {MIT Press},
     PAGES = {207--214},
   ADDRESS = {Cambridge MA},
};
%%%%%%%%%%%%%%%%%%%%%%%%%%%%%%%%%%%%%%%%%%%%%%%%%% 
 

@INPROCEEDINGS{P:08,
    AUTHOR = {Pechev, A. N.},
     TITLE = {Inverse Kinematics without Matrix Inversion},
 BOOKTITLE = {IEEE International Conference on Robotics and Automation},
      YEAR = {2008},
     PAGES = {2005--2012},
   ADDRESS = {Pasadena, CA, USA},
};

@INPROCEEDINGS{AP:09,
    AUTHOR = {Ahmed, S. M. and Pechev, A. N.},
     TITLE = {Performance Analysis of {FIK} and {DLS} Inverse Kinematics using Six Degree of Freedom Manipulator},
 BOOKTITLE = {IEEE International Conference on Robotics and Biomimetics},
      YEAR = {2009},
     PAGES = {1405--1410},
   ADDRESS = {Guilin, China},
};

@ARTICLE{TM:95,
  AUTHOR = {Tcho\'n, K. and Matuszok, A.},
   TITLE = {On Avoiding Singularities in Redundant Robot Kinematics},
 JOURNAL = {Robotica},
  VOLUME = {13},
   PAGES = {599--606},
    YEAR = {1995},
};

@ARTICLE{C:97,
  AUTHOR = {Chiaverini, S.},
   TITLE = {Singularity-robust Task-priority Redundancy Resolution for Real-time Kinematic Control of Robot Manipulators},
 JOURNAL = {IEEE Transactions on Robotics and Automation},
  VOLUME = {13},
  NUMBER = {3},
   PAGES = {398--410},
    YEAR = {1997},
};

@ARTICLE{D:07,
  AUTHOR = {Dixon, W. E.},
   TITLE = {Adaptive regulation of amplitude limited robot manipulators with uncertain kinematics and dynamics},
 JOURNAL = {IEEE Transactions on Automatic Control},
  VOLUME = {52},
  NUMBER = {3},
   PAGES = {488-493},
    YEAR = {2007},
};

@INPROCEEDINGS{Costa:2012,
    AUTHOR = {Costa, R. R.},
     TITLE = {Model-reference adaptive control using filtered inverse},
 BOOKTITLE = {(Submitted to) Conference on Decision and Control (CDC)},
      YEAR = {2012},
   ADDRESS = {Hawaii, USA}
}

%%%% novos

@BOOK{RNK:85,
	AUTHOR = {R�nky, P. and Ho, C. H.},
	TITLE = {Robot Modelling: Control and Applications with Software},
	PUBLISHER = {IFS (Publications) Ltd},
	YEAR = {1985},
}

@MISC{PSC:97,
	AUTHOR = {A. Pascoal and P. Oliveira and C. Silvestre and A. Bjerrum and A. Ishoy and J. Pignon and G. Ayela and C. Petzelt},
	TITLE = {Marius: An autonomous underwater vehicle for coastal oceanography},
	HOWPUBLISHED ={IEEE Robotics and Automation Magazine, 4(4):46-59},
	YEAR ={1997},
	}
%3
@MISC{COLE:09,
	AUTHOR = {E. Coleshill and L. Oshinowo and R. Rembala and B. Bina and D. Rey and S. Sindelar},
	TITLE = {Dextre: Improving maintenance operations on the international space station},
	HOWPUBLISHED ={Acta Astronautica, 64(9-10):869-874},
	YEAR ={2009},
	}	
%4
@MISC{DA:96,
	AUTHOR = {P. Dario and E. Guglielmelli and B. Allotta and M. C. Carrozza},
	TITLE = {Robotics for medical applications},
	HOWPUBLISHED ={IEEE Robotics and Automation Magazine, 3(3):44-56},
	YEAR ={1996},
	}
%5
@MISC{TH:04,
	AUTHOR = {S. Thrun and S. Thayer and W. Whittaker and C. Baker and W. Burgard and D. Ferguson and D. Hannel and M. Montemerlo and A. Morris and Z. Omohundro and C. Reverte},
	TITLE = {Autonomous exploration and mapping of abandoned mines},
	HOWPUBLISHED ={IEEE Robotics and Automation Magazine, 11(4):79-91},
	YEAR ={2004},
	}
	
@BOOK{SLT:91,
	AUTHOR = {Slotine, J. J. E. and Li, W.},
	TITLE = {Applied Nonlinear Control},
	PUBLISHER = {Prentice Hall},
	YEAR = {1991},
}

@BOOK{MRY:94,
	AUTHOR = {Murray, R. and Li, Z. and Sastry, S. S.},
	TITLE = {A Mathematical Introduction to Robotic Manipulation},
	PUBLISHER = {CRC Press},
	YEAR = {1994},
}

@PHDThesis{PD:86,
	AUTHOR = {B. Paden},
	TITLE = {Kinematics and Control Robot Manipulators},
	YEAR = {1986},
	SCHOOL = {Department of Electrical Engineering and Computer Sciences, University of California, Berkeley},
}
%10
@BOOK{KH:83,
	AUTHOR = {W. Kahan},
	TITLE = {Lectures on computational aspects of geometry},
	PUBLISHER = {Department of Electrical Engineering and Computer Sciences, University of California, Berkeley. Unpublished},
	YEAR = {1983},
}

@BOOK{iao,
	AUTHOR = {P. Ioannou and K. Sun},
	TITLE = {Robust Adaptive Control},
	PUBLISHER = {Prentice Hall},
	YEAR = {1996},
}

%13
@MASTERSTHESIS{TONI:05,
	AUTHOR = {Leite, A. C.},
	TITLE ={Controle h�brido de for�a e vis�o de um manipulador rob�tico sobre superf�cies desconhecidas},
	SCHOOL ={Universidade Federal do Rio de Janeiro, UFRJ},
	YEAR ={2005},
}

@MISC{DH:55,
	AUTHOR = {J. Denavit and R. S. Hartenberg},
	TITLE = {A kinematic notation for lower-pair mechanisms based on matrices},
	HOWPUBLISHED = {{\it ASME Journal of Apllied Mechanics}, 22:215-221},
	YEAR = {1955},
}

%%%%%%%%%%%%% NOVOS REVISAO

@INPROCEEDINGS{DE:93,
    AUTHOR = {Deo, A. S. and Walker, I. D.},
     TITLE = {Adaptive non-linear least squares for inverse kinematics},
 BOOKTITLE = {IEEE International Conference on Robotics and Automation},
      YEAR = {1993},
     PAGES = {186--193},
};

@ARTICLE{WOLO:84,
  AUTHOR = {Wolovich, W. A. and Elliot, H.},
   TITLE = {A computational technique for inverse kinematics},
 JOURNAL = {The 23rd IEEE Conference on Decision and Control},
  VOLUME = {23},
  NUMBER = {},
    YEAR = {1984},
   PAGES = {1359--1363},
 };

@ARTICLE{MR:94,
  AUTHOR = {Maciejewski, A. A. and Reagin, J. M.},
   TITLE = {A parallel algorithm and architecture for the control of kinematically redundant manipulators},
 JOURNAL = {IEEE Transactions on Robotics and Automation},
  VOLUME = {10},
  NUMBER = {4},
    YEAR = {1994},
   PAGES = {405--414},
};

@MISC{SCH:94,
	AUTHOR = {D. E. Schinstock and T. N. Faddis and R. B. Greenway},
	TITLE = {Robust inverse kinematics using damped least squares with dynamic weighting},
	HOWPUBLISHED ={American Institute of Aeronautics and Astronautics, Inc. },
	YEAR ={1994},
	}	

@MISC{TGB:00,
	AUTHOR = {D. Tolani and A. Goswami and N. I. Badler},
	TITLE = {Real-Time Inverse Kinematics Techniques for Anthropomorphic Limbs},
	HOWPUBLISHED ={Academic Press},
	YEAR ={2000},
	}	

@MISC{LUE:84,
	AUTHOR = {D. G. Luenberger},
	TITLE = {Linear and Nonlinear Programming},
	HOWPUBLISHED ={Reading, MA:Addison-Wesley},
	YEAR ={1984},
	}	
	

%%% PARA VERSAO FINAL

@BOOK{MAG:07,
    AUTHOR = {Magnus, J. R. and Neudecker, H.},
     TITLE = {{Matrix Differential Calculus with Applications in Statistics and Econometrics}},
 PUBLISHER = {John Wiley \& Sons},
   ADDRESS = {West Sussex, England},
   EDITION = {},
    VOLUME = {},
      YEAR = {2007},
};

@BOOK{LAUB:05,
    AUTHOR = {Laub, A. J.},
     TITLE = {{Matrix Analysis for Scientists and Engineers}},
 PUBLISHER = {Society for Industrial and Applied Mathematics},
   ADDRESS = {Philadelphia, PA},
   EDITION = {},
    VOLUME = {},
      YEAR = {2005},
};

@ARTICLE{RAJ:97,
  AUTHOR = {Bhatia, R. and Rosenthal, P.},
   TITLE = {How and why to solve the operator equation {AX - XB = Y}},
 JOURNAL = {Bulletin of the London Mathematical Society},
  VOLUME = {29},
  NUMBER = {1},
    YEAR = {1997},
   PAGES = {1--21},
};


@ARTICLE{ROTH:52,
  AUTHOR = {Roth, W. E.},
   TITLE = {The equations {AX - YB = C} and {AX - XB = C} in matrices},
 JOURNAL = {Proceedings of the American Mathematical Society},
  VOLUME = {3},
  NUMBER = {3},
    YEAR = {1952},
   PAGES = {392--396},
};


%%%% REVISAO CAPITULO 1 - LIVROS e ARTIGOS AMIT

@INCOLLECTION{DONE:10,
    AUTHOR = {Donelan, P.},
     TITLE = {Kinematic Singularities of Robot Manipulators},
 BOOKTITLE = {Advances in Robot Manipulators},
      YEAR = {2010},
     PAGES = {401--415},
    EDITOR = {Ernest Hall},
 PUBLISHER = {InTech},
   EDITION = {},
};


@ARTICLE{WHIT:69,
  AUTHOR = {Whitney, D. E.},
   TITLE = {Resolved motion rate control of manipulators and human prostheses},
 JOURNAL = {IEEE Transactions on Man-Machine Systems},
  VOLUME = {10},
  NUMBER = {2},
    YEAR = {1969},
   PAGES = {47--53},
};

@PhDThesis{PIEP:68,
AUTHOR = {Pieper, D. L.},
TITLE = {The Kinematics of Manipulators Under Computer Control},
YEAR = {1968},
SCHOOL = {Stanford University},
};


@ARTICLE{WALD:85,
  AUTHOR = {Waldron, K. J. and Wang, S. L. and Bolin, S. J.},
   TITLE = {A study of the Jacobian matrix of serial manipulators},
 JOURNAL = {Transmission and Automation in Design},
  VOLUME = {107},
  NUMBER = {2},
    YEAR = {1985},
   PAGES = {230--238},
};


@ARTICLE{TCHON:91,
  AUTHOR = {Tcho\'n, K.},
   TITLE = {Differential topology of the inverse kinematic problem for redundant robot manipulators},
 JOURNAL = {International Journal of Robotics Research},
  VOLUME = {10},
  NUMBER = {5},
    YEAR = {1991},
   PAGES = {492--504},
};

@ARTICLE{FEAT:83,
  AUTHOR = {Featherstone, R.},
   TITLE = {Position and velocity transformations between robot end-effector coordinates and joint angles},
 JOURNAL = {International Journal of Robotics Research},
  VOLUME = {2},
  NUMBER = {2},
    YEAR = {1983},
   PAGES = {35--45},
};

@ARTICLE{PAI:92,
  AUTHOR = {Pai, D. K. and Leu, M. C.},
   TITLE = {Genericity and singularities of robot manipulators},
 JOURNAL = {IEEE Transactions on Robotics and Automation},
  VOLUME = {8},
  NUMBER = {5},
    YEAR = {1992},
   PAGES = {545--559},
};

@ARTICLE{SHIMA:78,
  AUTHOR = {Paul, R. P. and Shimano, B. E. and Mayer, G.},
   TITLE = {Kinematic control equations for simple manipulators},
 JOURNAL = {IEEE Transactions on Systems, Man, and Cybernetics},
  VOLUME = {11},
  NUMBER = {6},
    YEAR = {1981},
   PAGES = {449--455},
};

@ARTICLE{SUGI:82,
  AUTHOR = {Sugimoto, K. and Duffy, J. and Hunt, K. H.},
   TITLE = {Special configurations of spatial mechanisms and robot arms},
 JOURNAL = {Mechanism and Machine Theory},
  VOLUME = {17},
  NUMBER = {2},
    YEAR = {1982},
   PAGES = {119--132},
};

%%%% QUATERNION

@ARTICLE{YUAN:88,
  AUTHOR = {Yuan, J. S.},
   TITLE = {Closep-loop manipulator control using quaternion feedback},
 JOURNAL = {IEEE Journal of Robotics and Automation},
  VOLUME = {4},
  NUMBER = {4},
    YEAR = {1988},
   PAGES = {434--440},
};


%%%% dia 24

@INPROCEEDINGS{STANI:88,
    AUTHOR = {Stani\u{s}i\'c, M. M. and Engelberth, J. W.},
     TITLE = {A geometric description of manipulator singularities in terms of singular surfaces},
 BOOKTITLE = {Advances in Robot Kinematics},
      YEAR = {1988},
     PAGES = {132--141},
   ADDRESS = {Ljubljana, Slovenia},
};

@ARTICLE{STANI:07,
  AUTHOR = {Stani\u{s}i\'c, M. M. and Goehler, C. M.},
   TITLE = {Singular planes of serial wrist-partitioned manipulators and their singularity metrics},
 JOURNAL = {Mechanism and Machine Theory},
  VOLUME = {42},
  NUMBER = {8},
    YEAR = {2007},
   PAGES = {889--902},
};

@ARTICLE{PAUL:83,
  AUTHOR = {Paul, R. P. and Stevenson, C. N.},
   TITLE = {Kinematics of Robot Wrists},
 JOURNAL = {The International Journal of Robotics Research},
  VOLUME = {2},
  NUMBER = {1},
    YEAR = {1983},
   PAGES = {31--38},
};

@BOOK{PAUL:81,
    AUTHOR = {Paul, R. P.},
     TITLE = {Robot Manipulators: Mathematics, Programming, and Control},
 PUBLISHER = {MIT Press},
   ADDRESS = {Cambridge, MA},
   EDITION = {},
    VOLUME = {},
      YEAR = {1981},
};


%%%% que li para prova FIK

@ARTICLE{BERNAU:88,
  AUTHOR = {Bernau, S. J. and Abian, A.},
   TITLE = {Jordan canonical forms of matrices {AB} and {BA}},
 JOURNAL = {Rendiconti dell'Istituto di Matematica dell'Universit� di Trieste},
  VOLUME = {20},
  NUMBER = {1},
    YEAR = {1988},
   PAGES = {101--108},
};

@ARTICLE{FLAND:51,
  AUTHOR = {Flanders, H.},
   TITLE = {Elementary divisors of {AB} and {BA}},
 JOURNAL = {Proceedings of the American Mathematical Society},
  VOLUME = {2},
  NUMBER = {6},
    YEAR = {1951},
   PAGES = {871--874},
};

@ARTICLE{ROSEN:72,
  AUTHOR = {Rosenbrock, H. H.},
   TITLE = {The stability of multivariable systems},
 JOURNAL = {IEEE Transactions on Automatic Control},
  VOLUME = {17},
  NUMBER = {1},
    YEAR = {1972},
   PAGES = {105--107},
};

@ARTICLE{DOYLE:81,
  AUTHOR = {Doyle, J. and Stein, G.},
   TITLE = {Multivariable feedback design: concepts for a classical/modern synthesis},
 JOURNAL = {IEEE Transactions on Automatic Control},
  VOLUME = {26},
  NUMBER = {1},
    YEAR = {1981},
   PAGES = {4--16},
};


%%%% REGULARIZACAO

@BOOK{TIKHO:77,
    AUTHOR = {Tikhonov, A. V. and Arsenin, V. Y.},
     TITLE = {Solution of Ill-posed Problems},
 PUBLISHER = {Wiley},
   ADDRESS = {New York, NY},
   EDITION = {},
    VOLUME = {},
      YEAR = {1977},
};

%%%% COMPUTER GRAPHICS

@INPROCEEDINGS{KOMURA:03,
    AUTHOR = {Komura, T. and Kuroda, A. and Kudoh, S. and Lan, T. C. and Shinagawa, Y.},
     TITLE = {An inverse kinematics method for {3D} figures with motion data},
 BOOKTITLE = {Proceedings of the Computer Graphics International},
      YEAR = {2003},
 PUBLISHER = {},
     PAGES = {226--271},
   ADDRESS = {Tokyo, Japan},
};

@INPROCEEDINGS{OKUDA:05,
    AUTHOR = {Li, S. and Okuda, M. and Takahashi, S.},
     TITLE = {Improved kinematics based motion compression for human figure animation},
 BOOKTITLE = {Proceedings of the 30th IEEE International Conference on Acoustics, Speech, and Signal Processing},
      YEAR = {2005},
 PUBLISHER = {},
     PAGES = {1077--1080},
   ADDRESS = {Philadelphia, PA, USA},
};

@ARTICLE{BOULIC:08,
  AUTHOR = {Unzueta, L. and Peinado, M. and Boulic, R. and Suescun, A.},
   TITLE = {Full-body performance animation with Sequential Inverse Kinematics},
 JOURNAL = {Graphical Models},
  VOLUME = {20},
  NUMBER = {5},
    YEAR = {2008},
   PAGES = {87--104},
};


%%%% PROTEINAS

@ARTICLE{CANU:03,
  AUTHOR = {Canutescu, A. A. and Dunbrack Jr., R. L.},
   TITLE = {Cyclic coordinate descent: A robotics algorithm for protein loop closure},
 JOURNAL = {Protein Science},
  VOLUME = {12},
  NUMBER = {},
    YEAR = {2003},
   PAGES = {963--972},
};

@ARTICLE{MANO:95,
  AUTHOR = {Manocha, D. and Zhu, Y. and Wright, W.},
   TITLE = {Conformational analysis of molecular chains using nano-kinematics},
 JOURNAL = {Computer Application of Biological Sciences},
  VOLUME = {11},
  NUMBER = {1},
    YEAR = {1995},
   PAGES = {71--86},
};

@ARTICLE{LEVI:05,
  AUTHOR = {Kolodny, R. and Guibas, L. and Levitt, M. and Koehl, P.},
   TITLE = {Inverse Kinematics in Biology: The Protein Loop Closure Problem},
 JOURNAL = {The International Journal of Robotics Research},
  VOLUME = {24},
  NUMBER = {2--3},
    YEAR = {2005},
   PAGES = {151--163},
};


@INPROCEEDINGS{KAVRAKI:02,
    AUTHOR = {Zhang, M. and Kavraki, L. E.},
     TITLE = {Approximating solutions of molecular inverse kinematics problems by subdivision},
 BOOKTITLE = {Proceedings of the Second Joint EMBS/BMES Conference},
      YEAR = {2002},
 PUBLISHER = {},
     PAGES = {2182--2183},
   ADDRESS = {Houston, TX, USA},
};


